<marc:collection xmlns:marc="http://www.loc.gov/MARC21/slim" xmlns:xsi="http://www.w3.org/2001/XMLSchema-instance" xsi:schemaLocation="http://www.loc.gov/MARC21/slim http://www.loc.gov/standards/marcxml/schema/MARC21slim.xsd">
    <marc:record type="Bibliographic">
        <marc:leader>02027cem a2200265 a 4500</marc:leader>
        <marc:controlfield tag="001">4487025</marc:controlfield>
        <marc:controlfield tag="005">20050823133238.0</marc:controlfield>
        <marc:controlfield tag="008">050329s1636    ne        a     0   lat  </marc:controlfield>
        <marc:datafield tag="040" ind1=" " ind2=" ">
            <marc:subfield code="a">NjP</marc:subfield>
            <marc:subfield code="c">NjP</marc:subfield>
        </marc:datafield>
        <marc:datafield tag="245" ind1="0" ind2="0">
            <marc:subfield code="a">Gerardus Mercator natus Rupelmundæ III non. Martii anno MDXII, vixit ann. LXXXII. M.VIII.D.XXVI, denatus IV non. Decembris anno MDXCIV</marc:subfield>
            <marc:subfield code="h">[cartographic material] :</marc:subfield>
            <marc:subfield code="b">Iudocus Hondius natus in Pago Flandriæ dicto Wackene XVI kalend. Novembris anno MDLXIII, visit ann. XLVII. M.VII.D.XXIX, denatus XIV kal. Martii anno MDCXII.</marc:subfield>
        </marc:datafield>
        <marc:datafield tag="246" ind1="3" ind2="0">
            <marc:subfield code="a">Iudocus Hondius.</marc:subfield>
        </marc:datafield>
        <marc:datafield tag="260" ind1=" " ind2=" ">
            <marc:subfield code="a">[Amsterodami :</marc:subfield>
            <marc:subfield code="b">Sumptibus Iohannis Cloppengurgij,</marc:subfield>
            <marc:subfield code="c">1636]</marc:subfield>
        </marc:datafield>
        <marc:datafield tag="300" ind1=" " ind2=" ">
            <marc:subfield code="a">[1] leaf of plates :</marc:subfield>
            <marc:subfield code="b">port. (hand col.) ;</marc:subfield>
            <marc:subfield code="c">38 x 45 cm. on sheet 49 x 57 cm.</marc:subfield>
        </marc:datafield>
        <marc:datafield tag="500" ind1=" " ind2=" ">
            <marc:subfield code="a">Plate from: Gerardi Mercatoris Atlas, sive, Cosmographicæ meditationes de fabrica mundi et fabricati figura / G. Mercator. Amsterodami : Sumptibus Iohannis Cloppenburgij, anno 1636.</marc:subfield>
        </marc:datafield>
        <marc:datafield tag="500" ind1=" " ind2=" ">
            <marc:subfield code="a">Double portrait of Mercator and Hondius, each shown measuring a globe, with map of Europe behind them; engraved by Coletta Hondius.</marc:subfield>
        </marc:datafield>
        <marc:datafield tag="500" ind1=" " ind2=" ">
            <marc:subfield code="a">Text on verso: Atlas Gerardi Mercatoris et Iusti Hondii cosmographorum mortem dolens ... / Petrus Montanus -- In obitum clarissimi viri, Iudoci Hondii cosmographi ... / Maximilianus Vrientius ... -- In atlantem Gerardi Mercators, a Iudoco Hondio suppletum &amp; divulgatum, epigramma ... / P. Scriverius -- In tabulas geograpicas Geradi Mercatoris authore et auspice Cl. V. Iudoco Hondio auctius &amp; illustrius evulgatas ... / Ioh. Isacius Pontanus.</marc:subfield>
        </marc:datafield>
        <marc:datafield tag="541" ind1=" " ind2=" ">
            <marc:subfield code="a">Historic Maps copy is gift of Norris S. Haselton, Class of 1925.</marc:subfield>
            <marc:subfield code="5">NjP</marc:subfield>
        </marc:datafield>
        <marc:datafield tag="600" ind1="1" ind2="0">
            <marc:subfield code="a">Mercator, Gerhard,</marc:subfield>
            <marc:subfield code="d">1512-1594</marc:subfield>
            <marc:subfield code="v">Portraits.</marc:subfield>
        </marc:datafield>
        <marc:datafield tag="600" ind1="1" ind2="0">
            <marc:subfield code="a">Hondius, Jodocus,</marc:subfield>
            <marc:subfield code="d">1563-1612</marc:subfield>
            <marc:subfield code="v">Portraits.</marc:subfield>
        </marc:datafield>
        <marc:datafield tag="655" ind1=" " ind2="7">
            <marc:subfield code="a">Double portraits</marc:subfield>
            <marc:subfield code="y">1636.</marc:subfield>
            <marc:subfield code="2">aat</marc:subfield>
        </marc:datafield>
        <marc:datafield tag="700" ind1="1" ind2=" ">
            <marc:subfield code="a">Mercator, Gerhard,</marc:subfield>
            <marc:subfield code="d">1512-1594.</marc:subfield>
            <marc:subfield code="t">Gerardi Mercatoris Atlas.</marc:subfield>
        </marc:datafield>
        <marc:datafield tag="700" ind1="1" ind2=" ">
            <marc:subfield code="a">Cloppenburg, Johannes,</marc:subfield>
            <marc:subfield code="d">1592-1652.</marc:subfield>
        </marc:datafield>
        <marc:datafield tag="700" ind1="1" ind2=" ">
            <marc:subfield code="a">Hondius, Coletta,</marc:subfield>
            <marc:subfield code="e">engraver.</marc:subfield>
        </marc:datafield>
        <marc:datafield tag="856" ind1="4" ind2="1">
            <marc:subfield code="z">See the portraits</marc:subfield>
            <marc:subfield code="u">http://gisserver.princeton.edu/map/2032</marc:subfield>
        </marc:datafield>
        <marc:datafield tag="904" ind1=" " ind2=" ">
            <marc:subfield code="a">gls</marc:subfield>
            <marc:subfield code="b">g</marc:subfield>
            <marc:subfield code="h">n</marc:subfield>
            <marc:subfield code="c">p</marc:subfield>
            <marc:subfield code="e">20050329</marc:subfield>
        </marc:datafield>
    </marc:record>
    <marc:record type="Holdings">
        <marc:leader>00170nx  a22000851  4500</marc:leader>
        <marc:controlfield tag="001">4740331</marc:controlfield>
        <marc:controlfield tag="004">4487025</marc:controlfield>
        <marc:controlfield tag="005">20050329120218.0</marc:controlfield>
        <marc:controlfield tag="008">0503294u    8   1001uu   0901128</marc:controlfield>
        <marc:datafield tag="852" ind1="8" ind2=" ">
            <marc:subfield code="b">map</marc:subfield>
            <marc:subfield code="h">HMC01.20</marc:subfield>
        </marc:datafield>
    </marc:record>
    <marc:record type="Holdings">
        <marc:leader>00182nx  a22000854  4500</marc:leader>
        <marc:controlfield tag="001">7316299</marc:controlfield>
        <marc:controlfield tag="004">4487025</marc:controlfield>
        <marc:controlfield tag="005">20130513151359.0</marc:controlfield>
        <marc:controlfield tag="008">1305134u    8   1001uu   0901128</marc:controlfield>
        <marc:datafield tag="852" ind1="8" ind2=" ">
            <marc:subfield code="b">elf1</marc:subfield>
            <marc:subfield code="h">Electronic Resource</marc:subfield>
        </marc:datafield>
    </marc:record>
</marc:collection>
